@article{vRoman,
  title =        {Algoritmos Naive Bayes: Fundamentos e Implementación},
  author =       {Victor Roman},
  year =         2019,
  month =        apr,
  note =         {\url{https://medium.com/datos-y-ciencia/algoritmos-naive-bayes-fudamentos-e-implementaci%C3%B3n-4bcb24b307f}}
}

@article{scielo,
  title =        {Clasificación automática de textos usando redes 
de palabras},
  author =       {Juan Pablo Cárdenas, Gastón Olivares, Rodrigo Alfaro},
  year =         2013,
  month =        dec,
  note =         {\url{https://scielo.conicyt.cl/pdf/signos/v47n86/a01.pdf}}
}

@article{apd,
  title =        {¿Qué es Machine Learning y cómo funciona?},
  author =       {Redacción APD},
  year =         2019,
  month =        mar,
  note =         {\url{https://www.apd.es/que-es-machine-learning/}}
}