@BOOK{Smith:2012qr,
   title = {Agentes inteligentes},
   publisher = {Andres Gálvez},
   author = {Gálvez, A.},
   year = {2021},
   edition = {1st},
}