@BOOK{Gálvez:2021qr,
   title = {Game Trees},
   publisher = {Universidad Rafael Landívar},
   author = {Gálvez, A.},
   year = {2021},
   edition = {1st},
}